%% This BibTeX bibliography file was created using BibDesk.
%% http://bibdesk.sourceforge.net/


%% Created for Pratik Chaudhari at 2013-12-05 22:48:34 -0500 


%% Saved with string encoding Unicode (UTF-8) 

@article{wsj_twitter,
        Date-Added = {2013-10-7},
        author = {Elizabeth Dwoskin},
        journal = {The Wall Street Journal},
        title = {Twitter's Data Business Proves Lucrative}
}

@inproceedings{richardson2002mining,
  title={Mining knowledge-sharing sites for viral marketing},
  author={Richardson, Matthew and Domingos, Pedro},
  booktitle={Proceedings of the eighth ACM SIGKDD international conference on Knowledge discovery and data mining},
  pages={61--70},
  year={2002},
  organization={ACM}
}

@book{russell2011mining,
  title={Mining the social web: Analyzing data from Facebook, Twitter, LinkedIn, and other social media sites},
  author={Russell, Matthew A},
  year={2011},
  publisher={O'Reilly}
}

@inproceedings{ediger2010massive,
  title={Massive social network analysis: Mining twitter for social good},
  author={Ediger, David and Jiang, Karl and Riedy, Jason and Bader, David A and Corley, Courtney and Farber, Rob and Reynolds, William N},
  booktitle={Parallel Processing (ICPP), 2010 39th International Conference on},
  pages={583--593},
  year={2010},
  organization={IEEE}
}

@url{target_pregnant,
	Date-Added = {2013-12-05 22:47:17 -0500},
	Date-Modified = {2013-12-05 22:48:06 -0500},
	Howpublished = {http://www.forbes.com/sites/kashmirhill/2012/02/16/how-target-figured-out-a-teen-girl-was-pregnant-before-her-father-did/},
	Note = {Accessed: 2013-12-05},
	Title = {How Target figured out a girl was pregnant before her father died}}

@url{miller_interval,
	Date-Added = {2013-12-05 18:58:10 -0500},
	Date-Modified = {2013-12-05 18:59:09 -0500},
	Howpublished = {http://www.evanmiller.org/how-not-to-sort-by-average-rating.html},
	Note = {Accessed: 2013-12-05},
	Title = {Miller Interval Score}}

@article{freund1999short,
	Author = {Freund, Yoav and Schapire, Robert and Abe, N},
	Date-Added = {2013-12-05 15:49:02 -0500},
	Date-Modified = {2013-12-05 15:49:02 -0500},
	Journal = {Journal-Japanese Society For Artificial Intelligence},
	Number = {771-780},
	Pages = {1612},
	Publisher = {JAPANESE SOC ARTIFICIAL INTELL},
	Title = {A short introduction to boosting},
	Volume = {14},
	Year = {1999}}

@article{scikit-learn,
	Author = {Pedregosa, F. and Varoquaux, G. and Gramfort, A. and Michel, V. and Thirion, B. and Grisel, O. and Blondel, M. and Prettenhofer, P. and Weiss, R. and Dubourg, V. and Vanderplas, J. and Passos, A. and Cournapeau, D. and Brucher, M. and Perrot, M. and Duchesnay, E.},
	Date-Added = {2013-12-05 15:47:51 -0500},
	Date-Modified = {2013-12-05 15:47:51 -0500},
	Journal = {Journal of Machine Learning Research},
	Pages = {2825--2830},
	Title = {Scikit-learn: Machine Learning in {P}ython},
	Volume = {12},
	Year = {2011}}

@article{blei2010supervised,
	Author = {Blei, David M and McAuliffe, Jon D},
	Date-Added = {2013-12-05 14:48:00 -0500},
	Date-Modified = {2013-12-05 14:48:00 -0500},
	Journal = {arXiv preprint arXiv:1003.0783},
	Title = {Supervised topic models},
	Year = {2010}}

@misc{nikolov2012nonparametric,
	Author = {Nikolov, Stanislav and Shahy, D},
	Date-Added = {2013-12-05 14:38:13 -0500},
	Date-Modified = {2013-12-05 14:38:13 -0500},
	Publisher = {WIDS},
	Title = {A Nonparametric Method for Early Detection of Trending Topics},
	Year = {2012}}

@article{kang2012senti,
	Author = {Kang, Hanhoon and Yoo, Seong Joon and Han, Dongil},
	Journal = {Expert Systems with Applications},
	Number = {5},
	Pages = {6000--6010},
	Publisher = {Pergamon},
	Title = {Senti-lexicon and improved Na{\"\i}ve Bayes algorithms for sentiment analysis of restaurant reviews},
	Volume = {39},
	Year = {2012}}

@inproceedings{pang2004sentimental,
	Author = {Pang, Bo and Lee, Lillian},
	Booktitle = {Proceedings of the 42nd annual meeting on Association for Computational Linguistics},
	Organization = {Association for Computational Linguistics},
	Pages = {271},
	Title = {A sentimental education: Sentiment analysis using subjectivity summarization based on minimum cuts},
	Year = {2004}}

@inproceedings{pak2010twitter,
	Author = {Pak, Alexander and Paroubek, Patrick},
	Booktitle = {LREC},
	Title = {Twitter as a Corpus for Sentiment Analysis and Opinion Mining.},
	Year = {2010}}

@inproceedings{pang2002thumbs,
	Author = {Pang, Bo and Lee, Lillian and Vaithyanathan, Shivakumar},
	Booktitle = {Proceedings of the ACL-02 conference on Empirical methods in natural language processing-Volume 10},
	Organization = {Association for Computational Linguistics},
	Pages = {79--86},
	Title = {Thumbs up?: sentiment classification using machine learning techniques},
	Year = {2002}}

@inproceedings{sharma2012comparative,
	Author = {Sharma, Anuj and Dey, Shubhamoy},
	Booktitle = {Proceedings of the 2012 ACM Research in Applied Computation Symposium},
	Organization = {ACM},
	Pages = {1--7},
	Title = {A comparative study of feature selection and machine learning techniques for sentiment analysis},
	Year = {2012}}
